<?xml version="1.0" encoding="UTF-8"?><collection xmlns="http://www.loc.gov/MARC21/slim"><record><leader>00549nam--2200169-u-4500</leader><controlfield tag="001">000052804</controlfield><controlfield tag="002">20161230</controlfield><controlfield tag="005">20161230201050</controlfield><controlfield tag="008">101105s1000------------r-----000-0-eng-d</controlfield><datafield ind1=" " ind2=" " tag="040"><subfield code="a">IFIN-HH</subfield></datafield><datafield ind1=" " ind2=" " tag="080"><subfield code="a">778(061.3):535.8(061.3)</subfield></datafield><datafield ind1="1" ind2=" " tag="110"><subfield code="a">Spie</subfield></datafield><datafield ind1="1" ind2="0" tag="245"><subfield code="a">Image information recovery</subfield><subfield code="b">Seminar in depth. proceedings october 24, 25, 1968 philadelphia, pa</subfield></datafield><datafield ind1=" " ind2=" " tag="260"><subfield code="a">Redondo Beach</subfield><subfield code="b">Society Of Photo-optical Instrumentation Engineers</subfield><subfield code="c">1968</subfield></datafield><datafield ind1=" " ind2=" " tag="490"><subfield code="a">Spie Seminar Proceedings</subfield><subfield code="v">Vol. 16</subfield></datafield><datafield ind1=" " ind2=" " tag="852"><subfield code="a">42264</subfield><subfield code="c">535</subfield></datafield><datafield ind1=" " ind2=" " tag="CAT"><subfield code="a">Sys</subfield><subfield code="c">20101105</subfield><subfield code="h">104033</subfield></datafield></record></collection>